@article{Kafuku2010,
  title={Alkaline catalyzed biodiesel production from Moringa oleifera oil with optimized production parameters},
  author={Kafuku, G and Mbarawa, M},
  journal={Applied Energy},
  volume={87},
  number={8},
  pages={2561--2565},
  year={2010},
  publisher={Elsevier}
}

@article{talebian2013,
  title={A review on novel processes of biodiesel production from waste cooking oil},
  author={Talebian-Kiakalaieh, Amin and Amin, Nor Aishah Saidina and Mazaheri, Hossein},
  journal={Applied Energy},
  volume={104},
  pages={683--710},
  year={2013},
  publisher={Elsevier}
}

@article{maceiras2011,
  title={Macroalgae: Raw material for biodiesel production},
  author={Maceiras, Rocio and Rodr\'iguez, M\'onica and Cancela, Angeles and Urr\'ejola, Santiago and S\'anchez, Angel and others},
  journal={Applied energy},
  volume={88},
  number={10},
  pages={3318--3323},
  year={2011},
  publisher={Elsevier}
}

@article{santori2012,
  title={A review analyzing the industrial biodiesel production practice starting from vegetable oil refining},
  author={Santori, Giulio and Di Nicola, Giovanni and Moglie, Matteo and Polonara, Fabio},
  journal={Applied energy},
  volume={92},
  pages={109--132},
  year={2012},
  publisher={Elsevier}
}

@article{geyer1984,
  title={Comparison of diesel engine performance and emissions from neat and transesterified vegetable oils},
  author={Geyer, SM and Jacobus, MJ and Lestz, SS},
  journal={Transactions of the ASAE},
  volume={27},
  number={2},
  pages={375--0381},
  year={1984},
  publisher={American Society of Agricultural and Biological Engineers}
}

@article{Ghorbani2011,
  title={A comparative study of combustion performance and emission of biodiesel blends and diesel in an experimental boiler},
  author={Ghorbani, Afshin and Bazooyar, Bahamin and Shariati, Ahmad and Jokar, Seyyed Mohammad and Ajami, Hadi and Naderi, Ali},
  journal={Applied Energy},
  volume={88},
  number={12},
  pages={4725--4732},
  year={2011},
  publisher={Elsevier}
}

@article{demirbas2009,
  title={Political, economic and environmental impacts of biofuels: a review},
  author={Demirbas, Ayhan},
  journal={Applied energy},
  volume={86},
  pages={S108--S117},
  year={2009},
  publisher={Elsevier}
}

@inproceedings{canakci1998,
  title={A pilot plant to produce biodiesel from high free fatty acid feedstocks},
  author={Canakci, Mustafa and Van Gerpen, Jon},
  booktitle={2001 ASAE Annual Meeting},
  pages={1},
  year={1998},
  organization={American Society of Agricultural and Biological Engineers}
}


@article{leduc2009,
  title={Optimizing biodiesel production in India},
  author={Leduc, Sylvain and Natarajan, Karthikeyan and Dotzauer, Erik and McCallum, Ian and Obersteiner, Michael},
  journal={Applied Energy},
  volume={86},
  pages={S125--S131},
  year={2009},
  publisher={Elsevier}
}

@article{gude2013,
  title={Biodiesel from waste cooking oils via direct sonication},
  author={Gude, Veera Gnaneswar and Grant, Georgene Elizabeth},
  journal={Applied energy},
  volume={109},
  pages={135--144},
  year={2013},
  publisher={Elsevier}
}

@article{suslick1999,
  title={Acoustic cavitation and its chemical consequences},
  author={Suslick, Kenneth S and Didenko, Yuri and Fang, Ming M and Hyeon, Taeghwan and Kolbeck, Kenneth J and McNamara, William B and Mdleleni, Millan M and Wong, Mike},
  journal={Philosophical Transactions of the Royal Society of London A: Mathematical, Physical and Engineering Sciences},
  volume={357},
  number={1751},
  pages={335--353},
  year={1999},
  publisher={The Royal Society}
}

@article{khosravi2016,
  title={Instant biodiesel production from waste cooking oil under industrial ultrasonic irradiation},
  author={Khosravi, Ehsan and Shariati, Ahmad and Nikou, Mohammad Reza Khosravi},
  journal={International Journal of Oil, Gas and Coal Technology},
  volume={11},
  number={3},
  pages={308--317},
  year={2016},
  publisher={Inderscience Publishers (IEL)}
}

@article{zhang2003,
  title={Biodiesel production from waste cooking oil: 1. Process design and technological assessment},
  author={Zhang, Yen and Dube, MA and McLean, DDL and Kates, M},
  journal={Bioresource technology},
  volume={89},
  number={1},
  pages={1--16},
  year={2003},
  publisher={Elsevier}
}

%%%%%%%%%%%%%%%%%%%%%%%%%%%%%%%%%
%%%%%% books %%%%%%%%%%%%%%%%%%%%

@book{brennen2013,
  title={Cavitation and bubble dynamics},
  author={Brennen, Christopher E},
  year={2013},
  publisher={Cambridge University Press}
}

%%%%%%%%%%%%%%%%%%%%%%%%%%%%%%%%%
%%%%% internet %%%%%%%%%%%%%%%%%%

@misc{iea2017,
  author={International Energy Agency},
  title={World Oil Demand},
  year={2017},
  howpublished="url{https://www.iea.org/oilmarketreport/omrpublic/}",
  urldate={25-10-2017}
}
